@misc{ICE2114,
  author        = "ICE 2114 - Análisis Estructural",
  title       = "{Prof. Rosita Jünemann}",
  howpublished = "Pontificia Universidad Católica de Chile",
  year         = "2021-2",
  note         = " Class notes"
}
@misc{ICE2604,
  author        = "ICE 2604 - Fundamentos de Geotécnia",
  title       = "{Prof. Christian Ledezma \& Prof. Juan Tiznado}",
  howpublished = "Pontificia Universidad Católica de Chile",
  year         = "2020-2",
  note         = "Class notes"
}
@misc{ICE2614,
  author        = "ICE 2614 - Mecánica de Suelos",
  title       = "{Prof. Esteban Sáez}",
  howpublished = "Pontificia Universidad Católica de Chile",
  year         = "2022-2",
  note         = "Class notes"
}

@misc{ICH2304,
  author        = "ICH 2304 - Ingeniería Ambiental",
  title       = "{Prof. Javiera Anguita}",
  howpublished = "Pontificia Universidad Católica de Chile",
  year         = "2022-1",
  note         = "Class notes"
}
@misc{MAT1620,
  author        = "MAT 1620 - Cálculo II",
  title       = "{Prof. Iván Huerta}",
  howpublished = "Pontificia Universidad Católica de Chile",
  year         = "2019-2",
  note         = "Class notes"
}
@misc{ICH2104,
  author        = "ICH 2104 - Ingeniería Hidráulica",
  title       = "{Prof. Sarah Leray}",
  howpublished = "Pontificia Universidad Católica de Chile",
  year         = "2022-2",
  note         = "Class notes"
}
@misc{CIVIL448,
  author        = "CIVIL 448 - Geophysics for engineers",
  title       = "{Prof. Marie Violay \& Dr Alexandra Kushnir }",
  howpublished = "École polytechnique fédérale de Lausanne",
  year         = "2023-1",
  note         = " Class notes"
}

@misc{CIVIL467,
  author        = "CIVIL 467 - Advanced Structural Dynamics",
  title       = "{Prof. Juan Carlos de la Llera }",
  howpublished = "École polytechnique fédérale de Lausanne \& Pontificia Universidad Católica de Chile",
  year         = "2023-1",
  note         = " Class notes"
}
@book{unsteady,
  title={Unsteady flow in open channels},
  author={Battjes, Jurjen A and Labeur, Robert Jan},
  year={2017},
  publisher={Cambridge University Press}
}
@misc{ICE3753,
  author        = "ICE 3753 - Sistemas Innovativos de Diseño Sismo Resistente (SIRVE)",
  title       = "{Prof. Juan Carlos de la Llera }",
  howpublished = "Pontificia Universidad Católica de Chile",
  note         = " Class Resources"
}